@online{studentbe_quelle_2021,
	title = {Quelle différence de salaire entre Bachelier et Master ?},
	url = {https://wwww.student.be/fr/student-life/quelle-difference-de-salaire-entre-bachelier-et-master},
	howpublished = "\url{https://wwww.student.be/fr/student-life/quelle-difference-de-salaire-entre-bachelier-et-master}",
	abstract = {Ces dernières années les salaires ont augmenté en Belgique. Ces augmentations dépendent du niveau d'études de la personne},
	titleaddon = {Student.be},
	type = {Student.be},
	author = {{Student.be}},
	urldate = {2022-11-14},
	date = {2021-05-06},
	langid = {french},
	note = {Section: Premiers emplois},
	file = {Snapshot:/Users/baptistegrosjean/Zotero/storage/WWFU76IE/quelle-difference-de-salaire-entre-bachelier-et-master.html:text/html},
}

@online{federation_wallonie-bruxelles_enseignementbe_nodate,
	title = {Enseignement.be - Frais d'inscription dans l'enseignement supérieur},
	url = {http://www.enseignement.be/index.php?page=4302},
	howpublished = "\url{http://www.enseignement.be/index.php?page=4302}",
	abstract = {Pour l'enseignement secondaire et fondamental, préparations, ressources pédagogiques en ligne, cours, leçons et séquences didactiques pour les professeurs et enseignants},
	titleaddon = {Enseignement.be},
	type = {Fédération Wallonie-Bruxelles},
	author = {{Fédération Wallonie-Bruxelles}},
	urldate = {2022-11-10},
	file = {Snapshot:/Users/baptistegrosjean/Zotero/storage/GMSPSNZ6/index.html:text/html},
}

@article{mareschal_get_2015,
	title = {Get Started with Visual {PROMETHEE}},
	pages = {64},
	author = {Mareschal, Bertrand},
	date = {2015-04-23},
	langid = {english},	OPTlanguage = {english},
	url = {http://www.promethee-gaia.net/FR/assets/vpgetstarted.pdf},
	howpublished = "\url{http://www.promethee-gaia.net/FR/assets/vpgetstarted.pdf}",
	file = {Mareschal - Get Started with Visual PROMETHEE.pdf:/Users/baptistegrosjean/Zotero/storage/K7BWFNZD/Mareschal - Get Started with Visual PROMETHEE.pdf:application/pdf},
}

@article{mareschal_preference_2018,
	title = {Preference functions and thresholds},
	pages = {9},
	author = {Mareschal, Bertrand},
	date = {2018-06-14},
	langid = {english},
	OPTlanguage = {english},
	url = {http://www.promethee-gaia.net/FR/assets/preffunctions.pdf},
	howpublished = "\url{http://www.promethee-gaia.net/FR/assets/preffunctions.pdf}",
	file = {Mareschal - Preference functions and thresholds.pdf:/Users/baptistegrosjean/Zotero/storage/I2C8NU7R/Mareschal - Preference functions and thresholds.pdf:application/pdf},
}

@article{mareschal_visual_2013,
	title = {Visual {PROMETHEE}},
	pages = {192},
	author = {Mareschal, Bertrand},
	date = {2013-09-05},
	langid = {english},
	OPTlanguage = {english},
	url = {http://en.promethee-gaia.net/assets/vpmanual.pdf},
	howpublished = "\url{http://en.promethee-gaia.net/assets/vpmanual.pdf}",
	file = {Mareschal - Visual PROMETHEE.pdf:/Users/baptistegrosjean/Zotero/storage/6KSTYY8Q/Mareschal - Visual PROMETHEE.pdf:application/pdf},
}
@article{CITE,
	title = {Classification Internationale Type de l'éducation {CITE} 2011},
	pages = {88},
	author = {Institut de Statistiques de l'UNESCO},
	date = {2018-03-28},
	langid = {french},
	OPTlanguage = {english},
	url = {https://uis.unesco.org/sites/default/files/documents/international-standard-classification-of-education-isced-2011-fr.pdf},
	howpublished = "\url{https://uis.unesco.org/sites/default/files/documents/international-standard-classification-of-education-isced-2011-fr.pdf}",
}
@online{bernaerts_etudiant_2022,
	title = {Un étudiant sur deux rate sa première année d’université : “300 à 400 millions jetés par les fenêtres”},
	url = {https://www.dhnet.be/actu/belgique/2022/04/21/un-etudiant-sur-deux-rate-sa-premiere-annee-duniversite-300-a-400-millions-jetes-par-les-fenetres-SYOYKU22FBCITP73NUATOVA4XM/},
	shorttitle = {Un étudiant sur deux rate sa première année d’université},
	abstract = {La faute à une mauvaise orientation, estime le directeur de la Cité des métiers à Charleroi.},
	titleaddon = {{DHnet}},
	author = {Bernaerts, Maïli},
	urldate = {2022-11-23},
	langid = {french},
	file = {Snapshot:/Users/baptistegrosjean/Zotero/storage/6N9V7PMX/un-etudiant-sur-deux-rate-sa-premiere-annee-duniversite-300-a-400-millions-jetes-par-les-fenetr.html:text/html},
}

@online{siepasbl_60_2012,
	title = {60\% d'échec en 1ère année de l'enseignement supérieur!},
	url = {https://blog.siep.be/2012/11/60-dechec-en-1ere-annee-de-lenseignement-superieur/},
	abstract = {L’échec et l’abandon des étudiants qui entament des études supérieures en première année est en moyenne de 60\%! Autrement dit, le taux de réussite moyen est de 40\% (2008-2009). Plus précisément: 41.6\% pour l’enseignement supérieur de type court (3 ans). 42.6\% pour l’enseignement supérieur de type long (quatre ou cinq années d’études). 39\% pour l’enseignement universitaire. Comment l’expliquer […]},
	titleaddon = {Le blog du {SIEP}},
	author = {SIEP ASBL},
	urldate = {2022-11-23},
	date = {2012-11-14},
	langid = {french},
	file = {Snapshot:/Users/baptistegrosjean/Zotero/storage/3NGKTL66/60-dechec-en-1ere-annee-de-lenseignement-superieur.html:text/html},
}

@online{noauthor_cout_2017,
	title = {Le coût de l'échec à l'université pour la collectivité est énorme},
	url = {https://www.lesechos.fr/2017/10/le-cout-de-lechec-a-luniversite-pour-la-collectivite-est-enorme-178771},
	abstract = {Pour France Stratégie, le coût des échecs à l'université atteint au moins 500 millions d'euros par an. A terme, le manque à gagner est même plus élevé car le non-diplômé touchera un salaire moindre et paiera moins d'impôts.},
	titleaddon = {Les Echos},
	urldate = {2022-11-23},
	date = {2017-10-31},
	langid = {french},
	note = {Section: 2017},
	file = {Snapshot:/Users/baptistegrosjean/Zotero/storage/BLRP74YJ/le-cout-de-lechec-a-luniversite-pour-la-collectivite-est-enorme-178771.html:text/html},
}

@online{federation_wallonie-bruxelles_enseignementbe_2016,
	title = {Enseignement.be - Circulaires},
	url = {http://www.enseignement.be/index.php?page=26823&do_id=6193},
	abstract = {Pour l'enseignement secondaire et fondamental, préparations, ressources pédagogiques en ligne, cours, leçons et séquences didactiques pour les professeurs et enseignants},
	titleaddon = {Enseignement.be},
	type = {Fédération Wallonie-Bruxelles},
	author = {{Fédération Wallonie-Bruxelles}},
	urldate = {2022-11-25},
	date = {2016-11-18},
	file = {Snapshot:/Users/baptistegrosjean/Zotero/storage/HWUGHRAZ/index.html:text/html},
}

@article{institut_de_statistique_de_lunesco_international-standard-classification--education-isced-2011-frpdf_2013,
	title = {international-standard-classification-of-education-isced-2011-fr.pdf},
	url = {http://uis.unesco.org/sites/default/files/documents/international-standard-classification-of-education-isced-2011-fr.pdf},
	pages = {91},
	author = {{Institut de statistique de l’UNESCO}},
	date = {2013},
	langid = {french},
}

@online{lynn_combien_nodate,
	title = {Combien gagne-t-on dans le secteur informatique ?},
	url = {https://www.stepstone.be/conseils-de-carriere/combien-gagne-t-dans-le-secteur-informatique/},
	abstract = {Vous travaillez dans l’informatique et vous avez envie de savoir si votre salaire est conforme au marché ? Le rapport sur les salaires de {StepStone} donne un aperçu des salaires en Belgique. Deux tiers des employés trouvent qu’il est difficile de demander une augmentation. Grâce à notre rapport sur les salaires, vous oserez négocier votre …},
	titleaddon = {stepstone.be},
	author = {Lynn, Guillaume},
	urldate = {2022-11-25},
	langid = {french},
	file = {Snapshot:/Users/baptistegrosjean/Zotero/storage/62LXGB2N/combien-gagne-t-dans-le-secteur-informatique.html:text/html},
}

@online{federation_wallonie-bruxelles_cout_nodate,
	title = {Cout des études},
	url = {https://www.mesetudes.be/enseignement-superieur/organisation-pratique/cout-des-etudes/},
	titleaddon = {{MesEtudes}.be},
	type = {Fédération Wallonie-Bruxelles},
	author = {{Fédération Wallonie-Bruxelles}},
	urldate = {2022-11-25},
	langid = {french},
	file = {Snapshot:/Users/baptistegrosjean/Zotero/storage/A8TPMH6E/cout-des-etudes.html:text/html},
}
